@INPROCEEDINGS{sushkov_active_robot_learning, 
	author={Sushkov, O.O. and Sammut, C.}, 
	booktitle={Intelligent Robots and Systems, 2012. IEEE/RSJ International Conference on}, 
	title={Active robot learning of object properties}, 
	year={2012}, 
	pages={2621 - 2628}
}

@INPROCEEDINGS{sushkov_local_feature_matching, 
	author={Sushkov, O.O. and Sammut, C.}, 
	booktitle={Control Automation Robotics and Vision (ICARCV), 2010 11th International Conference on}, 
	title={Local image feature matching for object recognition}, 
	year={2010}, 
	pages={1598 - 1604}
}

@INPROCEEDINGS{sushkov_feature_segmentation, 
	author={Sushkov, O.O. and Sammut, C.}, 
	booktitle={Proceedings of Australian Conference on Robotics and Automation}, 
	title={Feature Segmentation for Object Recognition Using Robot Manipulation}, 
	year={2011}
}

@ARTICLE{economist0,
	TITLE = {The gentle rise of the machines},
	MONTH={March},
	YEAR = {2004},
	JOURNAL = {The Economist}
}

@ARTICLE{nursing_robots,
	title={Towards robotic assistants in nursing homes: Challenges and results},
	journal={Robotics and Autonomous Systems},
	volume = {42},
	number = {3-4},
	pages = {271 - 281},
	year = {2003},
	author = {Pineau, J. and Montemerlo, M. and Pollack, M.}
}

@ARTICLE{1_cognitive_requirements,
	title={Long Term Requirements for Cognitive Robotic},
	journal={Cognitive Robotics Workshop, AAAI},
	year = {2006},
	author = {Sloman, A. and Wyatt, J. and Hawes, N.}
}

@inproceedings{1_domestic_service_robots,
	author = {Forlizzi, J. and DiSalvo, C.},
	title = {Service robots in the domestic environment: a study of the roomba vacuum in the home},
	booktitle = {Proceedings of the 1st ACM SIGCHI/SIGART conference on Human-robot interaction},
	year = {2006},
	pages = {258 - 265}
}

@ARTICLE{1_assembly_robot,
	title = {New Developments in Assembly Systems},
	journal = {CIRP Annals - Manufacturing Technology},
	volume = {43},
	number = {2},
	pages = {501 - 512},
	year = {1994},
	author = {Makino, H. and Arai, T.}
}

@ARTICLE{1_epigenetic_robotics,
	author = {Berthouze, L. and Ziemke, T.},
	title = {Epigenetic robotics - modelling cognitive development in robotic systems},
	journal = {Connection Science},
	volume = {15},
	number = {4},
	pages = {147 - 150},
	year = {2003}
}

@ARTICLE {3_sift_vs_surf,
	title={A Comparison of SIFT, PCA-SIFT and SURF},
	author={Luo Juan and Oubong Gwun},
	year={2009},
	journal={International Journal of Image Processing},
	volume={3},
	pages={143 - 152}
}

@ARTICLE{3_theory_of_edge_detection,
	title={Theory of Edge Detection},
	author={Marr, D. and Hildreth, E.},
	year={1980},
	journal={Proceedings of the Royal Society B: Biological Sciences},
	volume={207},
	number={1167},
	pages={187 - 217}
}

@ARTICLE{3_shape_context, 
	author={Belongie, S. and Malik, J. and Puzicha, J.}, 
	journal={Pattern Analysis and Machine Intelligence, IEEE Transactions on}, 
	title={Shape matching and object recognition using shape contexts}, 
	year={2002}, 
	month={April}, 
	volume={24}, 
	number={4}, 
	pages={509  - 522}
}

@ARTICLE{3_svm_classification, 
	author={Chapelle, O. and Haffner, P. and Vapnik, V.}, 
	journal={Neural Networks, IEEE Transactions on}, 
	title={Support vector machines for histogram-based image classification }, 
	year={1999},  
	month={September}, 
	volume={10}, 
	number={5}, 
	pages={1055 - 1064}
}

@INPROCEEDINGS{3_acoustic_object_recognition, 
	author={Sinapov, J. and Wiemer, M. and Stoytchev, A.}, 
	booktitle={Robotics and Automation, 2009. ICRA '09. IEEE International Conference on}, 
	title={Interactive learning of the acoustic properties of household objects}, 
	year={2009}, 
	month={May}, 
	pages={2518 - 2524}
}

@INPROCEEDINGS{3_haptic_object_recognition, 
	author={Allen, P. and Roberts, K.}, 
	booktitle={Robotics and Automation, 1989. Proceedings., 1989 IEEE International Conference on}, 
	title={Haptic object recognition using a multi-fingered dextrous hand}, 
	year={1989}, 
	month={May}, 
	volume={1},
	pages={342 - 347}
}

@ARTICLE{3_range_object_recognition,
	author = {Arman, F. and Aggarwal, J.},
	title = {Model-based object recognition in dense-range images - a review},
	journal = {ACM Comput. Surv.},
	volume = {25},
	number = {1},
	month = {March},
	year = {1993},
	pages = {5 - 43}
} 

@ARTICLE{3_magnetic_object_recognition,
	author = {Livingston, M. and State, A.},
	title = {Magnetic tracker calibration for improved augmented reality registration},
	year = {1997},
	journal={Presence},
	volume = {6},
	number={5},
	pages = {532 - 546}
}

@incollection {3_robocup_color,
	author = {Bandlow, T. and Klupsch, M. and Hanek, R.},
	title = {Fast Image Segmentation, Object Recognition and Localization in a RoboCup Scenario},
	booktitle = {RoboCup-99: Robot Soccer World Cup III},
	pages = {111 - 128},
	volume = {1856},
	year = {2000}
}

@INPROCEEDINGS{3_visual_template_matching,
	author = {Cole, L. and Austin, D. and Cole, L.},
	title = {Visual Object Recognition using Template Matching},
	booktitle = {Proceedings of Australian Conference on Robotics and Automation},
	year = {2004}
}

@BOOK{3_PCA,
	author = {Jolliffe, I.},
	title = "{Principal component analysis}",
	year = {1986}
}

@ARTICLE{3_pca_face_recognition, 
	author={Jian Yang and Zhang, D. and Frangi, A.}, 
	journal={Pattern Analysis and Machine Intelligence, IEEE Transactions on}, 
	title={Two-dimensional PCA: a new approach to appearance-based face representation and recognition}, 
	year={2004}, 
	month={January}, 
	volume={26}, 
	number={1}, 
	pages={131 - 137}
}

@ARTICLE {3_color_indexing,
	author = {Swain, M.  and Ballard, D.},
	title = {Color indexing},
	journal = {International Journal of Computer Vision},
	pages = {11 - 32},
	volume = {7},
	year = {1991}
}

@ARTICLE {3_colour_histogram_image,
	author={Metta, G.},
	title={Point-wise operators and filters}
}

@ARTICLE{3_color_and_shape, 
	author={Diplaros, A. and Gevers, T. and Patras, I.}, 
	journal={Image Processing, IEEE Transactions on}, 
	title={Combining color and shape information for illumination-viewpoint invariant object recognition}, 
	year={2006}, 
	month={January}, 
	volume={15}, 
	number={1}, 
	pages={1 - 11}, 
}

@ARTICLE{3_shape_representation,
	title = {Review of shape representation and description techniques},
	journal = {Pattern Recognition},
	volume = {37},
	number = {1},
	pages = {1 - 19},
	year = {2004},
	author = {Zhang, D. and Lu, G.},
}

@INPROCEEDINGS{3_real_time_recognition, 
	author={Nayar, S. and Nene, S. and Murase, H.}, 
	booktitle={Robotics and Automation, 1996. Proceedings., 1996 IEEE International Conference on}, 
	title={Real-time 100 object recognition system}, 
	year={1996}, 
	month={April}, 
	volume={3}, 
	pages={2321 - 2325}
}

@ARTICLE{3_eigen_windowing, 
	author={Ohba, K. and Ikeuchi, K.}, 
	journal={Pattern Analysis and Machine Intelligence, IEEE Transactions on}, 
	title={Detectability, uniqueness, and reliability of eigen windows for stable verification of partially occluded objects}, 
	year={1997}, 
	month={September}, 
	volume={19}, 
	number={9}, 
	pages={1043 - 1047}
}

@ARTICLE{3_local_detector_survey,
 	author = {Tuytelaars, T. and Mikolajczyk, K.},
 	title = {Local invariant feature detectors: a survey},
 	journal = {Found. Trends. Comput. Graph. Vis.},
 	volume = {3},
	number = {3},
	month = {July},
	year = {2008},
	pages = {177 - 280}
} 

@ARTICLE{3_model_tracking, 
	author={Drummond, T. and Cipolla, R.}, 
	journal={Pattern Analysis and Machine Intelligence, IEEE Transactions on}, 
	title={Real-time visual tracking of complex structures}, 
	year={2002}, 
	month={July}, 
	volume={24}, 
	number={7}, 
	pages={932 - 946}
}

@ARTICLE {3_model_tracking_with_features,
	author = {Kim, S. and Kweon, I.},
	title = {Automatic model-based 3D object recognition by combining feature matching with tracking},
	journal = {Machine Vision and Applications},
	pages = {267 - 272},
	volume = {16},
	issue = {5},
	year = {2005}
}

@ARTICLE{3_canny, 
	author={Canny, J.}, 
	journal={Pattern Analysis and Machine Intelligence, IEEE Transactions on}, 
	title={A Computational Approach to Edge Detection}, 
	year={1986}, 
	month={November}, 
	volume={8}, 
	number={6}, 
	pages={679 - 698}, 
}

@inbook{3_harris_corner, 
	title={A combined corner and edge detector}, 
	volume={15}, 
	author={Harris, C. and Stephens, M.},
	year={1988}, 
	pages={147 - 151}
}


@ARTICLE{3_Lowe_sift,
	author={Lowe, D.},
	title = {Distinctive Image Features from Scale-Invariant Keypoints},
	journal = {Int. J. Comput. Vision},
	volume = {60},
	issue = {2},
	month = {November},
	year = {2004},
	pages = {91 - 110}
} 

@INPROCEEDINGS{3_lowe_sift_object_recognition, 
	author={Lowe, D.}, 
	booktitle={Computer Vision, 1999. The Proceedings of the Seventh IEEE International Conference on}, 
	title={Object recognition from local scale-invariant features}, 
	year={1999}, 
	volume={2}, 
	pages={1150 - 1157}, 
}

@INPROCEEDINGS{3_csift, 
	author={Abdel-Hakim, A. and Farag, A.}, 
	booktitle={Computer Vision and Pattern Recognition, 2006 IEEE Computer Society Conference on}, 
	title={CSIFT: A SIFT Descriptor with Color Invariant Characteristics}, 
	year={2006}, 
	volume={2}, 
	pages={ 1978 - 1983}, 
}

@ARTICLE{3_Gevers_colorbased,
 	author = {Gevers, T. and Smeulders, A.},
	title = {Color Based Object Recognition},
	journal = {Pattern Recognition},
	year = {1997},
	volume = {32},
	pages = {453 - 464}
}

@ARTICLE {3_Murase_visuallearning,
	author = {Murase, H. and Nayar, S.},
	title = {Visual learning and recognition of 3-d objects from appearance},
	journal = {International Journal of Computer Vision},
	pages = {5 - 24},
	volume = {14},
	year = {1995}
}

@ARTICLE{3_Schmid_evaluation,
	author = {Schmid, C. and Mohr, R. and Bauckhage, C.},
	title = {Evaluation of Interest Point Detectors},
	journal = {Int. J. Comput. Vision},
	volume = {37},
	issue = {2},
	month = {June},
	year = {2000},
	pages = {151 - 172}
}

@ARTICLE{3_Schmid_perfeval, 
	author={Mikolajczyk, K. and Schmid, C.}, 
	journal={Pattern Analysis and Machine Intelligence, IEEE Transactions on}, 
	title={A performance evaluation of local descriptors}, 
	year={2005}, 
	month={October}, 
	volume={27}, 
	number={10}, 
	pages={1615 - 1630}
}

@ARTICLE{3_Fischler_ransac,
	author = {Fischler, M. and Bolles, R.},
	title = {Random sample consensus: a paradigm for model fitting with applications to image analysis and automated cartography},
	journal = {Commun. ACM},
	volume = {24},
	issue = {6},
	month = {June},
	year = {1981},
	pages = {381 - 395}
}

@ARTICLE{3_Duda_hough,
	author = {Duda, R. and Hart, R.},
	title = {Use of the Hough transformation to detect lines and curves in pictures},
	journal = {Commun. ACM},
	volume = {15},
	issue = {1},
	month = {January},
	year = {1972},
	pages = {11 - 15}
} 

@incollection {3_sift_pose,
	author = {Gordon, I. and Lowe, D.},
	title = {What and Where: 3D Object Recognition with Accurate Pose},
	booktitle = {Toward Category-Level Object Recognition},
	pages = {67 - 82},
	volume = {4170},
	year = {2006}
}

@INPROCEEDINGS{3_sift_localisation, 
	author={Se, S. and Lowe, D. and Little, J.}, 
	booktitle={Robotics and Automation, 2001. Proceedings 2001 ICRA. IEEE International Conference on}, 
	title={Vision-based mobile robot localization and mapping using scale-invariant features}, 
	year={2001}, 
	volume={2}, 
	pages={ 2051 - 2058} 
}

@INPROCEEDINGS{3_sift_stereo_localisation, 
	author={Stephen, S. and Lowe, D. and Little, J.}, 
	booktitle={Intelligent Robots and Systems, 2002. IEEE/RSJ International Conference on},
	title={Global localization using distinctive visual features}, 
	year={2002}, 
	volume={1}, 
	pages={ 226 - 231}
}

@INPROCEEDINGS{3_full_pose_registration, 
	author={Collet, A. and Berenson, D. and Srinivasa, S.}, 
	booktitle={Robotics and Automation, 2009. ICRA '09. IEEE International Conference on}, 
	title={Object recognition and full pose registration from a single image for robotic manipulation}, 
	year={2009},
	month={May}, 
	pages={48 - 55}, 
}

@ARTICLE{3_Friedman_kdtree,
	author = {Friedman, J. and Bentley, J. and Finkel, R.},
	title = {An Algorithm for Finding Best Matches in Logarithmic Expected Time},
	journal = {ACM Trans. Math. Softw.},
	volume = {3},
	issue = {3},
	month = {September},
	year = {1977},
	pages = {209 - 226}
} 

@INPROCEEDINGS{3_Lowe_approxnn, 
	author={Beis, J. and Lowe, D.}, 
	booktitle={Computer Vision and Pattern Recognition, 1997. Proceedings., 1997 IEEE Computer Society Conference on}, 
	title={Shape indexing using approximate nearest-neighbour search in high-dimensional spaces}, 
	year={1997}, 
	month={June}, 
	pages={1000 - 1006},
}

@inproceedings{3_Bay_surf,
	author={Bay, H. and Tuytelaars, T. and L. Van Gool},
	title={SURF: Speeded Up Robust Features},
	booktitle={ECCV (1)},
	year={2006},
	pages={404 - 417}
}

@INPROCEEDINGS{3_Yan_pcasift, 
	author={Yan Ke, Sukthankar, R.}, 
	booktitle={Computer Vision and Pattern Recognition, 2004. CVPR 2004. Proceedings of the 2004 IEEE Computer Society Conference on}, 
	title={PCA-SIFT: a more distinctive representation for local image descriptors}, 
	year={2004}, 
	month={June}, 
	volume={2},
	pages={506 - 513}
}

@ARTICLE{3_appearance_object_recognition,
	title={Appearance-based recognition of 3-D objects by cluttered background and occlusions},
	journal={Pattern Recognition},
	volume={38},
	number={5},
	pages={739 - 753},
	year={2005},
	author={Reinhold, M. and Grzegorzek, M. and Denzler, J.},
}


@ARTICLE{4_seeded_region_growing, 
	author={Adams, R. and Bischof, L.}, 
	journal={Pattern Analysis and Machine Intelligence, IEEE Transactions on},
	title={Seeded region growing}, 
	year={1994}, 
	month={June}, 
	volume={16}, 
	number={6}, 
	pages={641 - 647}
}

@inproceedings{4_unseeded_region_growing,
	author = {Lin, Z. and Jin, J. and Talbot, H.},
	title = {Unseeded region growing for 3D image segmentation},
	booktitle = {Selected papers from the Pan-Sydney workshop on Visualisation},
	year = {2001},
	volume={2},
	pages = {31 - 37}
} 

@ARTICLE{4_threshold_segmentation, 
	author={Perez, A. and Gonzalez, R.}, 
	journal={Pattern Analysis and Machine Intelligence, IEEE Transactions on}, title={An Iterative Thresholding Algorithm for Image Segmentation}, 
	year={1987}, 
	month={November},  
	number={6}, 
	pages={742 - 751}
}

@ARTICLE{4_segmentation_review,
	title = {A review on image segmentation techniques},
	journal = {Pattern Recognition},
	volume = {26},
	number = {9},
	pages = {1277 - 1294},
	year = {1993},
	author = {Nikhil, R. and Sankar, K.}
}

@ARTICLE{4_optical_flow,
	title = {Determining optical flow},
	journal = {Artificial Intelligence},
	volume = {17},
	number = {1 - 3},
	pages = {185 - 203},
	year = {1981},
	author = {Horn, B. and Schunck, B.}
}

@incollection {4_multiview_segmentation,
	author = {Yang, W. and Ngan, K.},
	title = {Unsupervised Multiple Object Segmentation of Multiview Images},
	booktitle = {Advanced Concepts for Intelligent Vision Systems},
	pages = {178 - 189},
	year = {2007}
}

@INPROCEEDINGS{4_background_subtraction_review, 
	author={Piccardi, M.}, 
	booktitle={Systems, Man and Cybernetics, 2004 IEEE International Conference on}, 
	title={Background subtraction techniques: a review}, 
	year={2004}, 
	month={October}, 
	volume={4}, 
	pages={ 3099 - 3104}, 
}

@ARTICLE{4_background_subtraction_gaussian, 
	author={Wren, C. and Azarbayejani, A. and Darrell, T.}, 
	journal={Pattern Analysis and Machine Intelligence, IEEE Transactions on}, 
	title={Pfinder: real-time tracking of the human body}, 
	year={1997}, 
	month={July}, 
	volume={19}, 
	number={7}, 
	pages={780 - 785}
}

@INPROCEEDINGS{4_background_subtraction_mixture_gaussian, 
	author={Stauffer, C. and Grimson, W.}, 
	booktitle={Computer Vision and Pattern Recognition, 1999. IEEE Computer Society Conference on.},
	title={Adaptive background mixture models for real-time tracking}, 
	year={1999}, 
	volume={2},  
	pages={637 - 663}
}

@INPROCEEDINGS{4_nudging_segmentation, 
	author={Wai Ho Li, Kleeman, L.}, 
	booktitle={Intelligent Robots and Systems, 2008. IROS 2008. IEEE/RSJ International Conference on}, 
	title={Autonomous segmentation of Near-Symmetric objects through vision and robotic nudging}, 
	year={2008}, 
	month={September}, 
	pages={3604 - 3609}, 
}

@ARTICLE{4_manipulation_vision,
	author = {Metta, G. and Fitzpatrick, P.}, 
	title = {Better Vision through Manipulation}, 
	volume = {11}, 
	number = {2}, 
	pages = {109 - 128}, 
	year = {2003}, 
	journal = {Adaptive Behavior} 
}

@ARTICLE {4_graph_segmentation,
   	author = {Felzenszwalb, P. and Huttenlocher, D.},
   	title = {Efficient Graph-Based Image Segmentation},
  	journal = {International Journal of Computer Vision},
	pages = {167 - 181},
   	volume = {59},
  	issue = {2},
    	year = {2004}
}

@ARTICLE{4_normalised_cut_graph, 
	author={Jianbo, S. and Malik, J.}, 	
	journal={Pattern Analysis and Machine Intelligence, IEEE Transactions on},
	title={Normalized cuts and image segmentation}, 
	year={2000}, 
	month={August}, 
	volume={22}, 
	number={8}, 
	pages={888 - 905}
}

@ARTICLE{4_min_cut_graph, 
	author={Wu, Z. and Leahy, R.}, 
	journal={Pattern Analysis and Machine Intelligence, IEEE Transactions on},
	title={An optimal graph theoretic approach to data clustering: theory and its application to image segmentation}, 
	year={1993}, 
	month={November}, 
	volume={15}, 
	number={11}, 
	pages={1101 - 1113}
}

@ARTICLE{4_watershed_segmentation,
	author = {Vincent, L. and Soille, P.},
	title = {Watersheds in Digital Spaces: An Efficient Algorithm Based on Immersion Simulations},
	journal = {IEEE Trans. Pattern Anal. Mach. Intell.},
	volume = {13},
	number = {6},
	month = {June},
	year = {1991},
	pages = {583 - 598}
}

@ARTICLE{4_watershed_forests, 
	author={Cousty, J. and Bertrand, G. and Najman, L.}, 
	journal={Pattern Analysis and Machine Intelligence, IEEE Transactions on},
	title={Watershed Cuts: Minimum Spanning Forests and the Drop of Water Principle}, 
	year={2009}, 
	month={August}, 
	volume={31}, 
	number={8}, 
	pages={1362 - 1374}
}

@INPROCEEDINGS{4_first_contact, 
	author={Fitzpatrick, P.}, 
	booktitle={Intelligent Robots and Systems, 2003. (IROS 2003). Proceedings. 2003 IEEE/RSJ International Conference on}, 
	title={First contact: an active vision approach to segmentation}, 
	year={2003}, 
	month={October}, 
	volume={3}, 
	pages={2161 - 2166}
}

@INPROCEEDINGS{4_interactive_segmentation, 
	author={Kenney, J. and Buckley, T. and Brock, O.}, 
	booktitle={Robotics and Automation, 2009. ICRA '09. IEEE International Conference on}, 
	title={Interactive segmentation for manipulation in unstructured environments}, 
	year={2009}, 
	month={May},
	pages={1377 - 1382}
}

@ARTICLE{4_active_object_learning, 
	author={Ude, A. and Omrcen, D. and Cheng, G.}, 
	journal={International Journal of Humanoid Robotics},
	title={Making Object Learning and Recognition an Active Process}, 
	year={2008},
	volume={5},
	issue={2},
	pages={267 - 286}
}

@ARTICLE{4_motion_layer_extraction, 
	author={Jiangjian Xiao, Shah, M.}, 
	journal={Pattern Analysis and Machine Intelligence, IEEE Transactions on}, 
	title={Motion layer extraction in the presence of occlusion using graph cuts}, 
	year={2005}, 
	month={October}, 
	volume={27}, 
	number={10}, 
	pages={1644 - 1659}
}

@INPROCEEDINGS{4_object_discovery_motion, 
	author={Southey, T. and Little, J.}, 
	booktitle={ AAAI Workshop on Cognitive Robotics}, 
	title={Object discovery through motion, appearance and shape}, 
	year={2006}
}

@book{4_computer_vision,
	author = {Forsyth, D. and Ponce, J.},
	month = {August},
	publisher = {Prentice Hall},
	title = {Computer Vision: A Modern Approach},
	year = {2002}
}

@book{4_computer_vision2,
	author = {Shapiro, L. and Stockman, G.},
	publisher = {Prentice Hall},
	title = {Computer Vision},
	year = {2001}
}

@INPROCEEDINGS{4_geometric_active_contours, 
	author={Yogesh Rathi, Vaswani, N. and Tannenbaum, A.}, 
	booktitle={Computer Vision and Pattern Recognition, 2005. CVPR 2005. IEEE Computer Society Conference on}, 
	title={Particle filtering for geometric active contours with application to tracking moving and deforming objects}, 
	year={2005}, 
	month={June}, 
	volume={2}, 
	pages={2 - 9}
}

@INPROCEEDINGS{4_video_segmentation, 
	author={Criminisi, A. and Cross, G. and Blake, A.}, 
	booktitle={Computer Vision and Pattern Recognition, 2006 IEEE Computer Society Conference on}, 
	title={Bilayer Segmentation of Live Video}, 
	year={2006}, 
	month={June}, 
	volume={1}, 
	pages={53 - 60}
}

@incollection {4_optical_flow_segmentation,
	author = {Zhang, J. and Shi, F. and Wang, J.},
	title = {3D Motion Segmentation from Straight-Line Optical Flow},
	booktitle = {Multimedia Content Analysis and Mining},
	pages = {85 - 94},
	volume = {4577},
	year = {2007}
}

@INPROCEEDINGS{4_wavelet_segmentation, 
	author={Kong, M. and Leduc, J. and Ghosh, B.}, 
	booktitle={Image Processing, 1998. ICIP 98. Proceedings. 1998 International Conference on},
	title={Spatio-temporal continuous wavelet transforms for motion-based segmentation in real image sequences}, 
	year={1998}, 
	month={October}, 
	volume={2}, 
	pages={662 - 666}, 
}

@incollection {4_wavelet_segmentation2,
	author = {Wiskott, L.},
	title = {Segmentation from motion: Combining Gabor- and Mallat-wavelets to overcome aperture and correspondence problem},
	booktitle = {Computer Analysis of Images and Patterns},
	pages = {329-336},
	volume = {1296},
	year = {1997}
}

@misc{4_background_subtraction_image,
	Author = {Yao, J. and Odobez, J. and Monay, F.},
	Title = {Idiap Human Detection Code},
	howpublished = {\url{http://exoplanet.eu/catalog.php}}
}

@ARTICLE{4_bayesian_tracking1, 
	author={Arulampalam, M. and Maskell, S. and Gordon, N.}, 
	journal={Signal Processing, IEEE Transactions on},
	title={A tutorial on particle filters for online nonlinear/non-Gaussian Bayesian tracking}, 
	year={2002}, 
	month={February}, 
	volume={50}, 
	number={2}, 
	pages={174 - 188}
}

@ARTICLE{4_bayesian_tracking2, 
	author={Bors, A. and Pitas, I.}, 
	journal={Image Processing, IEEE Transactions on},
	title={Prediction and tracking of moving objects in image sequences}, 
	year={2000}, 
	month={August}, 
	volume={9}, 
	number={8}, 
	pages={1441 - 1445}
}

@incollection {5_slam,
	author = {Thrun, S.},
	title = {Simultaneous Localization and Mapping},
	booktitle = {Robotics and Cognitive Approaches to Spatial Mapping},
	pages = {13 - 41},
	volume = {38},
	year = {2008}
}

@INPROCEEDINGS{5_ICP_motion_estimation, 
	author={Milella, A. and Siegwart, R.}, 
	booktitle={Computer Vision Systems, 2006 ICVS '06. IEEE International Conference on},
	title={Stereo-Based Ego-Motion Estimation Using Pixel Tracking and Iterative Closest Point}, 
	year={2006}, 
	month={January}, 
}

@ARTICLE{5_robot_nav,
	title = {An autonomous mobile robot with a 3D laser range finder for 3D exploration and digitalization of indoor environments},
	journal = {Robotics and Autonomous Systems},
	volume = {45},
	number = {3 - 4},
	pages = {181 - 198},
	year = {2003},
	author = {Surmann, H. and Nuchter, A. and Hertzberg, J.}
}

@ARTICLE{5_superquadric_graphics, 
	author={Barr, A.}, 
	journal={Computer Graphics and Applications, IEEE},
	title={Superquadrics and Angle-Preserving Transformations}, 
	year={1981}, 
	month={January}, 
	volume={1}, 
	number={1}, 
	pages={11 - 23}
}

@book{5_optimisation_methods1,
	author = {Bertsekas, D. and Bertsekas, D.},
	month = {September},
	publisher = {Athena Scientific},
	title = {Nonlinear Programming},
	year = {1999}
}

@ARTICLE{5_svd_point_reconstruction2,
	title={Determining the movements of the skeleton using well-configured markers},
	journal={Journal of Biomechanics},
	volume={26},
	number={12},
	pages={1473 - 1477},
	year={1993},
	author={Soderkvist, I. and Wedin, P.}
}


@ARTICLE{5_optimisation_methods2,
	author = {Kelley, C.},
	journal = {Frontiers in Applied Mathematics},
	title = {Iterative Methods for Optimization},
	year = {1999}
}

@INPROCEEDINGS{5_loop_closure1, 
	author={Pulli, K.}, 
	booktitle={3-D Digital Imaging and Modeling, 1999. Proceedings. Second International Conference on},
	title={Multiview registration for large data sets}, 
	year={1999}, 
	pages={160 - 168}
}

@INPROCEEDINGS{5_loop_closure2, 
	author={Weise, T. and Wismer, T. and Leibe, B.}, 
	booktitle={Computer Vision Workshops (ICCV Workshops), 2009 IEEE 12th International Conference on},
	title={In-hand scanning with online loop closure}, 
	year={2009}, 
	month={October}, 
	pages={1630 - 1637}
}

@ARTICLE{5_loop_closure3,
	title = {Fully automatic registration of multiple 3D data sets},
	journal = {Image and Vision Computing},
	volume = {21},
	number = {7},
	pages = {637 - 650},
	year = {2003},
	author = {Huber, D. and Hebert, M.}
}

@ARTICLE{5_SVD,
	author = {Golub, G. and Reinsch, C.},
	title = {Singular value decomposition and least squares solutions},
	journal = {Numerische Mathematik},
	pages = {403 - 420},
	volume = {14},
	issue = {5},
	year = {1970}
}

@ARTICLE{5_silhouette_reconstruction, 
	author={Martin, W. and Aggarwal, J.}, 
	journal={Pattern Analysis and Machine Intelligence, IEEE Transactions on},
	title={Volumetric Descriptions of Objects from Multiple Views}, 
	year={1983}, 
	month={March}, 
	volume={5}, 
	number={2}, 
	pages={150 - 158}
}

@inproceedings{5_range_images,
	author = {Turk, G. and Levoy, M.},
	title = {Zippered polygon meshes from range images},
	booktitle = {Proceedings of the 21st annual conference on Computer graphics and interactive techniques},
	year = {1994},
	pages = {311 - 318}
} 

@inproceedings{5_range_images2,
	author = {Curless, B. and Levoy, M.},
	title = {A volumetric method for building complex models from range images},
	booktitle = {Proceedings of the 23rd annual conference on Computer graphics and interactive techniques},
	year = {1996},
	pages = {303 - 312},
} 

@ARTICLE{5_silhouette_reconstruction3,
	author = {Laurentini, A.},
	title = {The Visual Hull Concept for Silhouette-Based Image Understanding},
	journal = {IEEE Trans. Pattern Anal. Mach. Intell.},
	volume = {16},
	number = {2},
	month = {February},
	year = {1994},
	pages = {150 - 162}
} 

@ARTICLE{5_structure_from_motion, 
	author = {Koenderink, J. and A. van Doorn}, 
	journal = {J. Opt. Soc. Am. A}, 
	number = {2}, 
	pages = {377 - 385}, 
	title = {Affine structure from motion}, 
	volume = {8}, 
	month = {February},
	year = {1991}
}

@book{5_structure_from_motion2,
	author = {Hartley, R. and Zisserman, A.},
	title = {Multiple View Geometry in Computer Vision},
	year = {2003},
	edition = {2},
	publisher = {Cambridge University Press},
} 

@INPROCEEDINGS{5_interactive_object_learning, 
	author={Peters, G.}, 
	booktitle={Computer Vision Systems, 2006 ICVS '06. IEEE International Conference on}, 
	title={A Vision System for Interactive Object Learning}, 
	year={2006}, 
	month={January}, 
	pages={ 32}
}

@INPROCEEDINGS{5_shape_model_learning, 
	author={Modayil, J. and Kuipers, B.}, 
	booktitle={Robotics and Automation, 2006. ICRA 2006. Proceedings 2006 IEEE International Conference on}, 
	title={Autonomous shape model learning for object localization and recognition}, 
	year={2006}, 
	month={May},  
	pages={2991 - 2996}
}

@INPROCEEDINGS{5_efficient_icp, 
	author={Rusinkiewicz, S. and Levoy, M.}, 
	booktitle={3-D Digital Imaging and Modeling, 2001. Proceedings. Third International Conference on}, 
	title={Efficient variants of the ICP algorithm}, 
	year={2001}, 
	pages={145 - 152}
}

@ARTICLE{5_manipulator_object_modeling,
	author = {Krainin, M. and Henry, P. and Ren, X.}, 
	title = {Manipulator and object tracking for in-hand 3D object modeling}, 
	volume = {30}, 
	number = {11}, 
	pages = {1311 - 1327}, 
	year = {2011}, 
	journal = {The International Journal of Robotics Research} 
}

@incollection {5_stereo_view_object_modeling,
	author = {Kushal, A. and Ponce, J.},
	title = {Modeling 3D Objects from Stereo Views and Recognizing Them in Photographs},
	booktitle = {Computer Vision – ECCV 2006},
	pages = {563 - 574},
	volume = {3952},
	year = {2006}
}

@INPROCEEDINGS{5_graph_cut_reconstruction, 
	author={Labatut, P. and Pons, J. and Keriven, R.}, 
	booktitle={Computer Vision, 2007. ICCV 2007. IEEE 11th International Conference on}, 
	title={Efficient Multi-View Reconstruction of Large-Scale Scenes using Interest Points, Delaunay Triangulation and Graph Cuts}, 
	year={2007}, 
	month={October}, 
	pages={1 - 8} 
}

@INPROCEEDINGS{5_next_best_view_generation, 
	author={Krainin, M. and Curless, B. and Fox, D.}, 
	booktitle={Robotics and Automation (ICRA), 2011 IEEE International Conference on}, 
	title={Autonomous generation of complete 3D object models using next best view manipulation planning}, 
	year={2011}, 
	month={May}, 
	pages={5031 - 5037} 
}

@inproceedings{5_kinect_reconstruction,
	author = {Izadi, S. and Kim, D. and Hilliges, O.},
	title = {KinectFusion: real-time 3D reconstruction and interaction using a moving depth camera},
	booktitle = {Proceedings of the 24th annual ACM symposium on User interface software and technology},
	year = {2011},
	pages = {559 - 568}
} 

@INPROCEEDINGS{5_mobile_robot_reconstruction, 
	author={Yamazaki, K. and Tomono, M. and Tsubouchi, T.}, 
	booktitle={Intelligent Robots and Systems, 2004. (IROS 2004). Proceedings. 2004 IEEE/RSJ International Conference on}, 
	title={Object shape reconstruction and pose estimation by a camera mounted on a mobile robot}, 
	year={2004}, 
	month={September}, 
	volume={4}, 
	pages={4019 - 4025}
}

@ARTICLE{5_realtime_model_acquisition,
	author = {Rusinkiewicz, S. and O. Hall-Holt, Levoy, M.},
	title = {Real-time 3D model acquisition},
	journal = {ACM Trans. Graph.},
	volume = {21},
	number = {3},
	month = {July},
	year = {2002},
	pages = {438 - 446}
} 

@INPROCEEDINGS{5_scene_modeling_features, 
	author={Skrypnyk, I. and Lowe, D.}, 
	booktitle={Mixed and Augmented Reality, 2004. ISMAR 2004. Third IEEE and ACM International Symposium on}, 
	title={Scene modelling, recognition and tracking with invariant image features}, 
	year={2004}, 
	month={November}, 
	pages={110 - 119}
}

@INPROCEEDINGS{5_sift_slam, 
	author={Schleicher, D. and Bergasa, L. and Barea, R.}, 
	booktitle={Intelligent Robots and Systems, 2007. IROS 2007. IEEE/RSJ International Conference on}, 
	title={Real-time wide-angle stereo visual SLAM on large environments using SIFT features correction}, 
	year={2007}, 
	month={November}, 
	pages={3878 - 3883}
}

@INPROCEEDINGS{5_similarity_aspect_graph, 
	author={Cyr, C. and Kimia, B.}, 
	booktitle={Computer Vision, 2001. ICCV 2001. Proceedings. Eighth IEEE International Conference on}, 
	title={3D object recognition using shape similiarity-based aspect graph }, 
	year={2001}, 
	volume={1}, 
	pages={254 - 261}
}

@ARTICLE{5_superquadric_comparison,
	title = {Experimental comparison of superquadric fitting objective functions},
	journal = {Pattern Recognition Letters},
	volume = {24},
	number = {14},
	pages = {2185 - 2193},
	year = {2003},
	author = {Zhang, Y.}
}

@INPROCEEDINGS{5_superquadric_fitting, 
	author={Zhang, Y. and Paik, J. and Koschan, A.}, 
	booktitle={Pattern Recognition, 2002. Proceedings. 16th International Conference on}, 
	title={3-D object representation from multi-view range data applying deformable superquadrics}, 
	year={2002},
	volume={3}, 
	pages={611 - 614} 
}

@INPROCEEDINGS{5_unordered_reconstruction, 
	author={Brown, M. and Lowe, D.}, 
	booktitle={3-D Digital Imaging and Modeling, 2005. 3DIM 2005. Fifth International Conference on}, 
	title={Unsupervised 3D object recognition and reconstruction in unordered datasets}, 
	year={2005}, 
	month={June}, 
	pages={56 - 63}
}

@INPROCEEDINGS{5_stereo_reconstruction_comparison, 
	author={Seitz, S. and Curless, B. and Diebel, J.}, 
	booktitle={Computer Vision and Pattern Recognition, 2006 IEEE Computer Society Conference on}, 
	title={A Comparison and Evaluation of Multi-View Stereo Reconstruction Algorithms}, 
	year={2006}, 
	month={June}, 
	volume={1}, 
	pages={519 - 528}
}

@ARTICLE{5_view_planning_reconstruction,
	author = {Scott, W. and Roth, G. and Rivest, J.},
	title = {View planning for automated three-dimensional object reconstruction and inspection},
	journal = {ACM Comput. Surv.},
	volume = {35},
	number = {1},
	month = {March},
	year = {2003},
	pages = {64 - 96}
}

@INPROCEEDINGS{5_grasp_planning,
	author = {Miller, A. and Knoop, S. and Christensen, H.},
	booktitle = {Proceedings of the IEEE International Conference on Robotics and Automation, 2003},
	journal = {Robotics and Automation, 2003. Proceedings. ICRA '03. IEEE International Conference on},
	pages = {1824 - 1829},
	title = {Automatic Grasp Planning Using Shape Primitives},
	volume = {2},
	year = {2003}
}

@ARTICLE{5_grasp_planning2,
	title = {A fast and robust grasp planner for arbitrary 3D objects},
	author = {Borst, C. and Fischer, M. and Hirzinger, G.},
	year = {1999},
	volume = {3},
	pages = {1890 - 1896},
	journal = {Robotics and Automation, 1999. Proceedings. IEEE International Conference on},
}

@incollection {5_motion_planning,
	author = {Kuffner, J. and Nishiwaki, K. and Kagami, S.},
	title = {Motion Planning for Humanoid Robots},
	booktitle = {Robotics Research},
	publisher = {Springer Berlin / Heidelberg},
	pages = {365 - 374},
	volume = {15},
	year = {2005}
}

@inproceedings{5_klt_tracker,
	author = {Lucas, B. and Kanade, T.},
	booktitle = {IJCAI81},
	pages = {674 - 679},
	title = {An Iterative Image Registration Technique with an Application to Stereo Vision},
	year = {1981}
}

@TECHREPORT{5_klt_tracker2,
	author = {Tomasi, C. and Kanade, T.},
	title = {Detection and Tracking of Point Features},
	institution = {International Journal of Computer Vision},
	year = {1991}
}

@ARTICLE{5_icp_seminal,
	author = {Besl, P. and N. McKay},
	title = {A Method for Registration of 3-D Shapes},
	journal = {IEEE Transactions on Pattern Analysis and Machine Intelligence},
	volume = {14},
	number = {2},
	month = {February},
	year = {1992},
	pages = {239 - 256}
} 

@ARTICLE{5_svd_point_reconstruction,
	author = {Spoor, C. and Veldpaus, F.},
	title = {Rigid body motion calculated from spatial co-ordinates of markers},
	journal = {Journal of Biomechanics},
	volume = {13},
	number = {4},
	year = {1980}
} 

@ARTICLE{6_king2004,
    	author = {King, R. and Whelan, K. and Jones, F.},
    	journal = {Nature},
   	month = {January},
    	number = {6971},
    	pages = {247 - 252},
    	title = {Functional genomic hypothesis generation and experimentation by a robot scientist},
    	volume = {427},
    	year = {2004}
}

@ARTICLE{6_conscious_thought,
	title = {Conscious thought as simulation of behaviour and perception},
	journal = {Trends in Cognitive Sciences},
	volume = {6},
	number = {6},
	pages = {242 - 247},
	year = {2002},
	author = {Hesslow, G.}
}

@ARTICLE {6_cohn_activelearning,
   	author = {Cohn, D. and Atlas, L. and Ladner, R.},
   	title = {Improving generalization with active learning},
   	journal = {Machine Learning},
  	pages = {201 - 221},
   	volume = {15},
   	issue = {2},
   	year = {1994}
}

@INPROCEEDINGS{6_fitzpatrick, 
	author={Fitzpatrick, P. and Metta, G. and Natale, L.}, 
	booktitle={Robotics and Automation, 2003. Proceedings. ICRA '03. IEEE International Conference on}, 
	title={Learning about objects through action - initial steps towards artificial cognition}, 
	year={2003}, 
	month={September}, 
	volume={3}, 
	pages={3140 - 3145}, 
	volume={3}
}

@INPROCEEDINGS{6_stoytchev_affordance, 
	author={Stoytchev, A.}, 
	booktitle={Robotics and Automation, 2005. ICRA 2005. Proceedings of the 2005 IEEE International Conference on}, 
	title={Behavior-Grounded Representation of Tool Affordances}, 
	year={2005}, 
	month={April}, 
	pages={ 3060 - 3065}
}

@ARTICLE{6_montesano_affordance, 
	author={Montesano, L. and Lopes, M. and Bernardino, A.}, 
	journal={Robotics, IEEE Transactions on}, 
	title={Learning Object Affordances: From Sensory--Motor Coordination to Imitation}, 
	year={2008}, 
	month={February}, 
	volume={24}, 
	number={1}, 
	pages={15 - 26}
}

@INPROCEEDINGS{6_stoytchev_containeraffordance, 
	author={Griffith, S. and Sinapov, J. and Miller, M.}, 
	booktitle={Development and Learning, 2009. ICDL 2009. IEEE 8th International Conference on}, 
	title={Toward interactive learning of object categories by a robot: A case study with container and non-container objects}, 
	year={2009}, 
	month={June}, 
	pages={1 - 6}
}

@ARTICLE{6_fitzpatrick_thesis,
	title = {From First Contact to Close Encounters: A Developmentally Deep Perceptual System for a Humanoid Robot},
	author = {Fitzpatrick, P.},
	year = {2003},
	publisher = {Massachusetts Institute of Technology}
}

@inproceedings{6_seung_querybycommittee,
	author = {Seung, H. and Opper, M. and Sompolinsky, H.},
	title = {Query by committee},
	booktitle = {Proceedings of the fifth annual workshop on Computational learning theory},
	year = {1992},
	pages = {287 - 294}
} 

@techreport{6_settles_activelearningsurvey,
	Author = {Settles, B.},
	Institution = {University of Wisconsin - Madison},
	Number = {1648},
	Title = {Active Learning Literature Survey},
	Type = {Computer Sciences Technical Report},
	Year = {2009}
}

@ARTICLE{6_neldermead,
 	author = {Nelder, J. and Mead, R.},
	journal = {The Computer Journal},
	month = {January},
	number = {4},
	pages = {308 - 313},
	title = {A Simplex Method for Function Minimization},
	volume = {7},
	year = {1965}
}

@inproceedings{6_adaptive_curiosity,
 	author = {Bondu, A. and Lemaire, V.},
	booktitle = {International Conference on Epigenetic Robotics},
	title = {Active learning using adaptive curiosity},
	year = {2007}
}

@INPROCEEDINGS{6_affordances_imitation, 
	author={Montesano, L. and Lopes, M. and Bernardino, A.}, 
	booktitle={Development and Learning, 2007. ICDL 2007. IEEE 6th International Conference on}, 
	title={Affordances, development and imitation}, 
	year={2007}, 
	month={July}, 
	pages={270 - 275}
}

@INPROCEEDINGS{6_solly, 
	author={Brown, S. and Sammut, C.}, 
	booktitle={Australian Conference on Robotics and Automation}, 
	title={An architecture for tool use and learning in robots}, 
	year={2007} 
}

@INPROCEEDINGS{6_evolutionary_robot_learning,
	author = {Grefenstette, J. and Schultz, A.},
	title = {An Evolutionary Approach to Learning in Robots},
	booktitle = {In Proceedings of the Machine Learning Workshop on Robot Learning, Eleventh International Conference on Machine Learning},
	year = {1994}
}

@ARTICLE{6_bayesian_experiments,
	author = {Chaloner, K. and Verdinelli, I.},
	title = {Bayesian Experimental Design: A Review},
	journal = {Statistical Science},
	year = {1995},
	volume = {10},
	pages = {273 - 304}
}

@ARTICLE{6_information_of_experiment, 
	title={On a measure of the information provided by an experiment},
	volume={27}, 
	number={4},
	journal={The Annals of Mathematical Statistics}, 
	author={Lindley, D.}, 
	year={1956},
	pages={986 - 1005}
}

@book{6_optimal_experiments,
	author = {Fedorov, V.},
	publisher = {Academic Press},
	title = {Theory of Optimal Experiments},
	year = {1972}
}

@ARTICLE{6_kl_divergence,
	author = {Kullback, S. and Leibler, R.},
	journal = {Ann. Math. Statist.},
	pages = {79 - 86},
	title = {On Information and Sufficiency},
	volume = {22},
	year = {1951}
}

@ARTICLE{6_bayesian_inference,
	title = {Bayesian inference in statistical analysis},
	author = {Box, G. and Tiao, G.},
	year = {1973},
	publisher = {Reading, Massachusetts : Addison-Wesley},
}

@ARTICLE{6_bayesian_surprise,
	title={Bayesian surprise attracts human attention},
	journal={Vision Research},
	volume={49,}
	number={10},
	pages={1295 - 1306},	
	year={2009},
	author={Itti, L. and Baldi, P.}
}

@ARTICLE{6_evolving_controllers,
	title={Challenges in evolving controllers for physical robots},
	journal={Robotics and Autonomous Systems},
	volume={19},
	number={1},
	pages={67 - 83},
	year={1996},
	author={Mataric, M. and Cliff, D.}
}

@ARTICLE{6_object_grasping_model, 
	author={Kraft, D. and Detry, R. and Pugeault, N.}, 
	journal={Autonomous Mental Development, IEEE Transactions on}, 
	title={Development of Object and Grasping Knowledge by Robot Exploration}, 
	year={2010}, 
	month={December}, 
	volume={2}, 
	number={4}, 
	pages={368 - 383}, 
}

@INPROCEEDINGS{6_object_motion_nn, 
	author={Nishide, S. and Ogata, T. and Yokoya, R.}, 
	booktitle={Robotics and Automation, 2008. ICRA 2008. IEEE International Conference on},
	title={Object dynamics prediction and motion generation based on reliable predictability}, 
	year={2008}, 
	month={May}, 
	pages={1608 - 1614}
}

@inproceedings{6_em_active_learning,
	author={McCallum, A. and Nigam, K.},
	title={Employing EM and Pool-Based Active Learning for Text Classification},
	booktitle={Proceedings of the Fifteenth International Conference on Machine Learning},
	year={1998},
	pages={350 - 358}
} 

@ARTICLE {6_reality_gap,
	author = {Zufferey, J. and Guanella, A. and Beyeler, A.},
	title={Flying over the reality gap: From simulated to real indoor airships},
	journal={Autonomous Robots},
	pages={243 - 254},
	volume={21},
	issue={3},
	year={2006}
}

@INPROCEEDINGS{6_generalisation_of_tool_affordances, 
	author={Sinapov, J. and Stoytchev, A.}, 
	booktitle={Development and Learning, 2007. ICDL 2007. IEEE 6th International Conference on}, 
	title={Learning and generalization of behavior-grounded tool affordances}, 
	year={2007}, 	
	month={July},  
	pages={19 - 24}, 
}

@incollection {6_learning_grasp_affordances,
	author={Kraft, D. and Detry, R. and Pugeault, N.},
	title={Learning Objects and Grasp Affordances through Autonomous Exploration},
	booktitle={Computer Vision Systems},
	pages={235 - 244},
	volume={5815},
	year={2009}
}

@INPROCEEDINGS{6_articulated_objects, 
	author={Katz, D. and Brock, O.}, 
	booktitle={Robotics and Automation, 2008. ICRA 2008. IEEE International Conference on}, 
	title={Manipulating articulated objects with interactive perception}, 
	year={2008}, 	
	month={May}, 
	pages={272 - 277}, 
}

@INPROCEEDINGS{6_bayesian_networks_affordance, 
	author={Montesano, L. and Lopes, M. and Bernardino, A.}, 
	booktitle={Intelligent Robots and Systems, 2007. IROS 2007. IEEE/RSJ International Conference on}, 
	title={Modeling affordances using Bayesian networks}, 
	year={2007}, 
	month={November}, 
	pages={4102 - 4107}, 
}

@INPROCEEDINGS{6_artificial_life_affordance,
	author = {Tsiotas, G. and Borghi, A. and Parisi, D.},
	title = {Objects and affordances: An Artificial Life simulation},
	booktitle = {In: Proceedings of the XXVII Annual meeting of the Cognitive Science Society, Stresa},
	year = {2005}
}

@INPROCEEDINGS{6_rigid_nonrigid, 
	author={Willimon, B. and Birchfield, S. and Walker, I.}, 
	booktitle={Intelligent Robots and Systems (IROS), 2010 IEEE/RSJ International Conference on}, 
	title={Rigid and non-rigid classification using interactive perception}, 
	year={2010}, 
	month={October}, 
	pages={1728 -1733}, 
}

@INPROCEEDINGS{6_robot_rehearses_internally, 
	author={Erdemir, E. and Frankel, C. and Thornton, S.}, 
	booktitle={Development and Learning, 2008. ICDL 2008. 7th IEEE International Conference on}, 
	title={A robot rehearses internally and learns an affordance relation}, 
	year={2008}, 
	month={August}, 
	pages={298 - 303}
}

@ARTICLE{6_binding_affordances,
	author = {Stoytchev, A.},
	title = {Toward Learning the Binding Affordances of Objects: A Behavior-Grounded Approach},
	booktitle={AAAI Symposium on Developmental Robotics},
	year = {2005}
}

@ARTICLE{6_behavioural_babbling_affordances,
	title={Learning the Affordances of Tools Using a Behavior-Grounded Approach}, 
	volume={4760},
	journal={Towards Affordance Based Robot Control},
	author={Stoytchev, A.}, 
	year={2008},
	pages={140 - 158}
}

@incollection {6_visual_affordance_cues,
	author={Fritz, G. and Paletta, L. and Kumar, M.},
	title={Visual Learning of Affordance Based Cues},
	booktitle={From Animals to Animats 9},
	pages={52 - 64},
	volume={4095},
	year={2006}
}

@book{6_system_identification_book1,
	editor = {Ljung, L.},
	title = {System identification: theory for the user},
	year = {1987},
	publisher = {Prentice Hall}
}

@book{6_system_identification_book2,
	author = {Goodwin, G. and Payne, R.},
	title = {Dynamic System Identification: Experiment Design and Data Analysis},
	year = {1977}
}

@INPROCEEDINGS{6_system_id_uav,
	author = {Mettler, B. and Tischler, M. and Kanade, T.},
	title = {System Identification of Small-Size Unmanned Helicopter Dynamics},
	booktitle = {In American Helicopter Society, 55th Forum},
	year = {1999}
}

@INPROCEEDINGS{6_system_id_nn, 
	author={Suresh, S. and Kumar, M. and Omkar, S.}, 
	booktitle={Neural Information Processing, 2002. ICONIP '02. Proceedings of the 9th International Conference on},
	title={Neural networks based identification of helicopter dynamics using flight data}, 
	year={2002}, 
	month={November}, 
	volume={1}, 
	pages={10 - 14}
}

@inbook{6_affordances,
	author = {Gibson, J.},
	booktitle = {Perceiving, Acting, and Knowing: Toward an Ecological Psychology},
	title = {The Theory of Affordances},
	year = {1977}
}

@ARTICLE{6_kmeans,
	title={A K-Means Clustering Algorithm},
	volume={28},
	number={1},
	journal={Applied Statistics},
	author={Hartigan, J. and Wong, M.}, 
	year={1979}, 
	pages={100 - 108}
}

@ARTICLE{6_simulated_annealing,
	author = {Kirkpatrick, S. and Gelatt, C. and Vecchi, M.}, 
	title = {Optimization by Simulated Annealing}, 
	volume = {220}, 
	number = {4598}, 
	pages = {671 - 680}, 
	year = {1983},
	journal = {Science} 
}

@INPROCEEDINGS{6_robot_manipulation, 
	author={Edsinger, A. and Kemp, C.}, 
	booktitle={Humanoid Robots, 2006 6th IEEE-RAS International Conference on},
	title={Manipulation in Human Environments}, 
	year={2006}, 
	month={December}, 
	pages={102 - 109}
}

@book{6_robot_motion_planning,
	author = {Latombe, J.},
	title = {Robot Motion Planning},
	year = {1991},
} 

@INPROCEEDINGS{6_behavioural_babling, 
	author={Saegusa, R. and Metta, G. and Sandini, G.}, 
	booktitle={Robotics and Biomimetics, 2008. ROBIO 2008. IEEE International Conference on},
	title={Active motor babbling for sensorimotor learning}, 
	year={2009}, 
	month={February}, 
	pages={794 - 799}, 
}

@ARTICLE{6_qualitative_models,
	author = {Bobrow, D.},
	title = {Qualitative reasoning about physical systems: An introduction},
	journal = {Artificial Intelligence},
	volume = {24},
	pages = {1 - 5},
	year = {1984}
}

@ARTICLE{min_cut_algorithm,
	author = {Stoer, M. and Wagner, F.},
	title = {A simple min-cut algorithm},
	journal = {J. ACM},
	volume = {44},
	number = {4},
	month = {July},
	year = {1997},
	pages = {585 - 591}
}

@ARTICLE{min_cut, 
	author={Boykov, Y. and Kolmogorov, V.}, 
	journal={Pattern Analysis and Machine Intelligence, IEEE Transactions on}, 
	title={An experimental comparison of min-cut/max- flow algorithms for energy minimization in vision}, 
	year={2004}, 
	month={September}, 
	volume={26}, 
	number={9}, 
	pages={112 - 1137}
}

@ARTICLE{strips_planner,
	title = {Strips: A new approach to the application of theorem proving to problem solving},
	journal = {Artificial Intelligence},
	volume = {2},
	pages = {189 - 208},
	year = {1971},
	author = {Fikes, R. and Nilsson, N.}
}

@ARTICLE{robot_challenges, 
	author={Kemp, C. and Edsinger, A. and E. Torres-Jara}, 
	journal={Robotics Automation Magazine, IEEE},
	title={Challenges for robot manipulation in human environments}, 
	year={2007}, 
	month={march }, 
	volume={14}, 
	number={1}, 
	pages={20 - 29}
}


